%%%%%%%%%%%%%%%%%%%%%%%%%%%%%%%%%%%%%%%%%%%%%%%%%%%%%%%%%%%%%%%%%%%%%%%%%%%%%%%%
% Molecule parameterisation
@inproceedings{canzar2012charge,
  title={Charge Group Partitioning in Biomolecular Simulation},
  author={Canzar, Stefan and El-Kebir, Mohammed and Pool, Ren{\'e} and Elbassioni, Khaled and Malde, Alpesh K and Mark, Alan E and Geerke, Daan P and Stougie, Leen and Klau, Gunnar W},
  booktitle={Research in Computational Molecular Biology},
  pages={29--43},
  year={2012},
  organization={Springer}
}

@article{malde2011automated,
  title={An Automated Force Field Topology Builder (ATB) and Repository: Version 1.0},
  author={Malde, Alpeshkumar K and Zuo, Le and Breeze, Matthew and Stroet, Martin and Poger, David and Nair, Pramod C and Oostenbrink, Chris and Mark, Alan E},
  journal={Journal of Chemical Theory and Computation},
  volume={7},
  number={12},
  pages={4026--4037},
  year={2011},
  publisher={ACS Publications}
}
%%%%%%%%%%%%%%%%%%%%%%%%%%%%%%%%%%%%%%%%%%%%%%%%%%%%%%%%%%%%%%%%%%%%%%%%%%%%%%%%

%%%%%%%%%%%%%%%%%%%%%%%%%%%%%%%%%%%%%%%%%%%%%%%%%%%%%%%%%%%%%%%%%%%%%%%%%%%%%%%%
% Interaction design
@book{norman2002design,
  title={The design of everyday things},
  author={Norman, Donald A},
  year={2002},
  publisher={Basic books}
}

@article{norman1990interfaces,
  title={Why Interfaces Don't Work},
  author={Norman, Donald A},
  journal={The art of human-computer interface design},
  pages={209--219},
  year={1990},
  publisher={Addison-Wesley}
}

@article{norman2002emotion,
  title={Emotion \& Design: Attractive things work better},
  author={Norman, Donald A},
  journal={Interactions},
  volume={9},
  number={4},
  pages={36--42},
  year={2002},
  publisher={ACM}
}

@article{gallopoulos1994computer,
  title={Computer as Thinker/Doer: Problem-Solving Environments for Computational Science},
  author={Gallopoulos, Efstratios and Houstis, Elias and Rice, John R},
  journal={Computational Science \& Engineering, IEEE},
  volume={1},
  number={2},
  pages={11--23},
  year={1994},
  publisher={IEEE}
}

@article{norman2005human,
  title={Human-Centered Design Considered Harmful},
  author={Norman, Donald A},
  journal={Interactions},
  volume={12},
  number={4},
  pages={14--19},
  year={2005}
}

@inbook{badre2002shaping,
  title={Shaping Web Usability: Interaction design in context},
  author={Badre, Albert},
  chapter={1},
  year={2002},
  publisher={Addison-Wesley Professional}
}


%% Learning
@article{sweller1994cognitive,
  title={Cognitive load theory, learning difficulty, and instructional design},
  author={Sweller, John},
  journal={Learning and Instruction},
  volume={4},
  number={4},
  pages={295--312},
  year={1994},
  publisher={Elsevier}
}

@article{jonassen2000toward,
  title={Toward a Design Theory of Problem Solving},
  author={Jonassen, David H},
  journal={Educational Technology Research and Development},
  volume={48},
  number={4},
  pages={63--85},
  year={2000},
  publisher={Springer}
}


%% Principles
@article{norman2010gestural,
  title={Gestural interfaces: a step backward in usability},
  author={Norman, Donald A and Nielsen, Jakob},
  journal={Interactions},
  volume={17},
  number={5},
  pages={46--49},
  year={2010},
  publisher={ACM}
}

@inbook{thimbleby2007press,
  title={Press On},
  author={Thimbleby, Harold},
  chapter={14},
  pages={485--489},
  year={2007},
  publisher={MIT Press}
}

@article{blair2008user,
  title={User Interface Design Principles for Interaction Design},
  author={Blair-Early, Adream and Zender, Mike},
  journal={Design Issues},
  volume={24},
  number={3},
  pages={85--107},
  year={2008},
  publisher={MIT Press}
}


%% Automation
@inproceedings{payne2000varying,
  title={Varying the User Interaction within Multi-Agent Systems},
  author={Payne, Terry R and Sycara, Katia and Lewis, Michael},
  booktitle={Proceedings of the fourth international conference on Autonomous agents},
  pages={412--418},
  year={2000},
  organization={ACM}
}

@inproceedings{horvitz1999principles,
  title={Principles of Mixed-Initiative User Interfaces},
  author={Horvitz, Eric},
  booktitle={Proceedings of the SIGCHI Conference on Human Factors in Computing Systems},
  pages={159--166},
  year={1999},
  organization={ACM}
}

@article{marcus1987taking,
  title={Taking backtracking with a grain of SALT},
  author={Marcus, Sandra},
  journal={International Journal of Man-Machine Studies},
  volume={26},
  number={4},
  pages={383--398},
  year={1987},
  publisher={Elsevier}
}

@article{norman1990problem,
  title={The `problem' with automation: inappropriate feedback and interaction, not `over-automation'},
  author={Norman, Donald A},
  journal={Philosophical Transactions of the Royal Society of London. B, Biological Sciences},
  volume={327},
  number={1241},
  pages={585--593},
  year={1990},
  publisher={The Royal Society}
}


%% Abstraction
@article{brehmer2013multi,
  title={A Multi-Level Typology of Abstract Visualization Tasks},
  author={Brehmer, Matthew and Munzner, Tamara},
  journal={Visualization and Computer Graphics, IEEE Transactions on},
  volume={19},
  number={12},
  pages={2376--2385},
  year={2013},
  publisher={IEEE}
}



%%%%%%%%%%%%%%%%%%%%%%%%%%%%%%%%%%%%%%%%%%%%%%%%%%%%%%%%%%%%%%%%%%%%%%%%%%%%%%%%

%%%%%%%%%%%%%%%%%%%%%%%%%%%%%%%%%%%%%%%%%%%%%%%%%%%%%%%%%%%%%%%%%%%%%%%%%%%%%%%%
% Molecule software
@article{ertl2010molecular,
  title={Molecular structure input on the web},
  author={Ertl, Peter and others},
  journal={Journal of Cheminformatics},
  volume={2},
  number={1},
  year={2010}
}

@article{hanson2013jsmol,
  title={JSmol and the Next-Generation Web-Based Representation of 3D Molecular Structure as Applied to Proteopedia},
  author={Hanson, Robert M and Prilusky, Jaime and Renjian, Zhou and Nakane, Takanori and Sussman, Joel L},
  journal={Israel Journal of Chemistry},
  volume={53},
  number={3-4},
  pages={207--216},
  year={2013},
  publisher={Wiley Online Library}
}

@article{bienfait2013jsme,
  title={JSME: a free molecule editor in JavaScript},
  author={Bienfait, Bruno and Ertl, Peter},
  journal={Journal of Cheminformatics},
  volume={5},
  number={24},
  year={2013},
  publisher={Springer}
}

@article{ekins2013tb,
  title={TB Mobile: a mobile app for anti-tuberculosis molecules with known targets},
  author={Ekins, Sean and Clark, Alex M and Sarker, Malabika},
  journal={Journal of Cheminformatics},
  volume={5},
  number={13},
  year={2013},
  publisher={Springer}
}

@article{ertl2012molecule,
  title={The Molecule Cloud - compact visualization of large collections of molecules},
  author={Ertl, Peter and Rohde, Bernhard},
  journal={Journal of Cheminformatics},
  volume={4},
  number={12},
  year={2012},
  publisher={Springer}
}


%% Visualisation
@article{aksela2008computer,
  title={Computer-based molecular modelling: Finnish school teachers' experiences and views},
  author={Aksela, Maija and Lundell, Jan},
  journal={Chemistry Education Research and Practice},
  volume={9},
  number={4},
  pages={301--308},
  year={2008},
  publisher={The Royal Society of Chemistry}
}

@article{ferk2003students,
  title={Students' understanding of molecular structure representations},
  author={Ferk, Vesna and Vrtacnik, Margareta and Blejec, Andrej and Gril, Alenka},
  journal={International Journal of Science Education},
  volume={25},
  number={10},
  pages={1227--1245},
  year={2003},
  publisher={Taylor \& Francis}
}

@article{zhou2009molecular,
  title={2D molecular graphics: a flattened world of chemistry and biology},
  author={Zhou, Peng and Shang, Zhicai},
  journal={Briefings in Bioinformatics},
  volume={10},
  number={3},
  pages={247--258},
  year={2009},
  publisher={Oxford University Press}
}

@article{clark2006structure,
  title={2D Structure Depiction},
  author={Clark, Alex M and Labute, Paul and Santavy, Martin},
  journal={Journal of Chemical Information and Modeling},
  volume={46},
  number={3},
  pages={1107--1123},
  year={2006},
  publisher={ACS Publications}
}

@article{fricker2004automated,
  title={Automated Drawing of Structural Molecular Formulas under Constraints},
  author={Fricker, Patrick C and Gastreich, Marcus and Rarey, Matthias},
  journal={Journal of Chemical Information and Computer Sciences},
  volume={44},
  number={3},
  pages={1065--1078},
  year={2004},
  publisher={ACS Publications}
}

@article{dittmar1977algorithmic,
  title={An Algorithmic Computer Graphics Program for Generating Chemical Structure Diagrams},
  author={Dittmar, Paul G and Mockus, Joseph and Couvreur, Kathyrn M},
  journal={Journal of Chemical Information and Computer Sciences},
  volume={17},
  number={3},
  pages={186--192},
  year={1977},
  publisher={ACS Publications}
}

@inproceedings{boissonnat2001structure,
  title={2D-Structure Drawings of Similar Molecules},
  author={Boissonnat, Jean-Daniel and Cazals, Fr{\'e}deric and Fl{\"o}totto, Julia},
  booktitle={Graph Drawing},
  pages={115--126},
  year={2001},
  organization={Springer}
}

@incollection{batagelj2004pajek,
  title={Pajek -- Analysis and Visualization of Large Networks},
  author={Batagelj, Vladimir and Mrvar, Andrej},
  editor={J{\"u}nger, Michael and Mutzel, Petra},
  booktitle={Graph Drawing Software},
  series={Mathematics and Visualization},
  pages={77-103},
  year={2004},
  publisher={Springer Berlin Heidelberg}
}


%% Requirements
@inproceedings{taylor2013interface,
  title={At the Interface of Biology and Computation},
  author={Taylor, Alex S and Piterman, Nir and Ishtiaq, Samin and Fisher, Jasmin and Cook, Byron and Cockerton, Caitlin and Bourton, Sam and Benque, David},
  booktitle={Proceedings of the SIGCHI Conference on Human Factors in Computing Systems},
  pages={493--502},
  year={2013},
  organization={ACM}
}
%%%%%%%%%%%%%%%%%%%%%%%%%%%%%%%%%%%%%%%%%%%%%%%%%%%%%%%%%%%%%%%%%%%%%%%%%%%%%%%%

%%%%%%%%%%%%%%%%%%%%%%%%%%%%%%%%%%%%%%%%%%%%%%%%%%%%%%%%%%%%%%%%%%%%%%%%%%%%%%%%
% User studies
@incollection{wohlin2003empirical,
  title={Empirical Research Methods in Software Engineering},
  author={Wohlin, Claes and H{\"o}st, Martin and Henningsson, Kennet},
  booktitle={Empirical Methods and Studies in Software Engineering},
  pages={7--23},
  year={2003},
  publisher={Springer}
}

@incollection{stein2009assessing,
  title={Assessing the Power of a Visual Modeling Notation -- Preliminary Contemplations on Designing a Test --},
  author={Stein, Dominik and Hanenberg, Stefan},
  booktitle={Models in Software Engineering},
  pages={78--89},
  year={2009},
  publisher={Springer}
}

@inproceedings{tuch2013analyzing,
  title={Analyzing Users' Narratives to Understand Experience with Interactive Products},
  author={Tuch, Alexandre N and Trusell, Rune N and Hornb{\ae}k, Kasper},
  booktitle={Proceedings of the SIGCHI Conference on Human Factors in Computing Systems},
  pages={2079--2088},
  year={2013},
  organization={ACM}
}

@inproceedings{lewis2013umux,
  title={UMUX-LITE: When There's No Time for the SUS},
  author={Lewis, James R and Utesch, Brian S and Maher, Deborah E},
  booktitle={Proceedings of the SIGCHI Conference on Human Factors in Computing Systems},
  pages={2099--2102},
  year={2013},
  organization={ACM}
}

@inproceedings{komarov2013crowdsourcing,
  title={Crowdsourcing Performance Evaluations of User Interfaces},
  author={Komarov, Steven and Reinecke, Katharina and Gajos, Krzysztof Z},
  booktitle={Proceedings of the SIGCHI Conference on Human Factors in Computing Systems},
  pages={207--216},
  year={2013},
  organization={ACM}
}

@misc{sauro2011measuring,
  title={Measuring Usability With The System Usability Scale (SUS)},
  author={Sauro, Jeff},
  year={2011},
  howpublished={Online, \url{https://www.measuringusability.com/sus.php} [retrieved~Apr~2013]}
}

@article{brooke2013sus,
  title={SUS: A Retrospective},
  author={Brooke, John},
  journal={Journal of Usability Studies},
  volume={8},
  number={2},
  pages={29--40},
  year={2013}
}

@article{bangor2009determining,
  title={Determining What Individual SUS Scores Mean: Adding an Adjective Rating Scale},
  author={Bangor, Aaron and Kortum, Philip and Miller, James},
  journal={Journal of Usability Studies},
  volume={4},
  number={3},
  pages={114--123},
  year={2009}
}

@inproceedings{tullis2004comparison,
  title={A Comparison of Questionnaires for Assessing Website Usability},
  author={Tullis, Thomas S and Stetson, Jacqueline N},
  booktitle={Usability Professional Association Conference},
  pages={1--12},
  year={2004}
}

@inbook{krug2006dont,
  title={Don't Make Me Think!},
  author={Krug, Steve},
  chapter={9},
  year={2006},
  edition={Second},
  publisher={New Riders Publishing}
}
%%%%%%%%%%%%%%%%%%%%%%%%%%%%%%%%%%%%%%%%%%%%%%%%%%%%%%%%%%%%%%%%%%%%%%%%%%%%%%%%

%%%%%%%%%%%%%%%%%%%%%%%%%%%%%%%%%%%%%%%%%%%%%%%%%%%%%%%%%%%%%%%%%%%%%%%%%%%%%%%%
% Reference only
@article{hanwell2012avogadro,
  title={Avogadro: an advanced semantic chemical editor, visualization, and analysis platform},
  author={Hanwell, Marcus D and Curtis, Donald E and Lonie, David C and Vandermeersch, Tim and Zurek, Eva and Hutchison, Geoffrey R},
  journal={Journal of Cheminformatics},
  volume={4},
  number={17},
  year={2012},
  publisher={Springer}
}

@article{delano2002pymol,
  title={PyMOL: An Open-Source Molecular Graphics Tool},
  author={DeLano, Warren L},
  journal={CCP4 Newsletter On Protein Crystallography},
  volume={40},
  year={2002}
}

@article{pembroke2000bio,
  title={Bio-molecular modelling utilising RasMol and PDB resources: a tutorial with HEW lysozyme},
  author={Pembroke, J Tony},
  journal={Biochemistry and Molecular Biology Education},
  volume={28},
  number={6},
  pages={297--300},
  year={2000},
  publisher={Wiley Online Library}
}

@misc{daylight1992daylight,
  title={SMILES - A Simplified Chemical Language},
  author={{Daylight Chemical Information Systems, Inc.}},
  year={1992},
  howpublished={Online, \url{http://www.ics.uci.edu/~dock/manuals/DaylightTheoryManual/theory.smiles.html} [retrieved~Sep~2013]}
}

@article{heller2013inchi,
  title={InChI - the worldwide chemical structure identifier standard},
  author={Heller, Stephen and McNaught, Alan and Stein, Stephen and Tchekhovskoi, Dmitrii and Pletnev, Igor},
  journal={Journal of Cheminformatics},
  volume={5},
  number={7},
  year={2013},
  publisher={Springer}
}

@article{bernstein1977protein,
  title={The Protein Data Bank: A Computer-based Archival File for Macromolecular Structures},
  author={Bernstein, Frances C and Koetzle, Thomas F and Williams, Graheme J B and Meyer, Jr, Edgar F and Brice, Michael D and Rodgers, John R and Kennard, Olga and Shimanouchi, Takehiko and Tasumi, Mitsuo},
  journal={Journal of Molecular Biology},
  volume={112},
  number={3},
  pages={535--542},
  year={1977},
  publisher={Elsevier}
}

@manual{tripos2005tripos,
  title={Tripos Mol2 File Format},
  organization={Tripos},
  edition={{SYBYL} 7.1},
  year={2005}
}

@article{oboyle2011open,
  title={Open Babel: An open chemical toolbox},
  author={O'Boyle, Noel M and Banck, Michael and James, Craig A and Morley, Chris and Vandermeersch, Tim and Hutchison, Geoffrey R},
  journal={Journal of Cheminformatics},
  volume={3},
  number={33},
  year={2011},
  publisher={Springer}
}

@article{dezso2011lemon,
  title={LEMON -- an Open Source C++ Graph Template Library},
  author={Dezs{\H{o}}, Bal{\'a}zs and J{\"u}ttner, Alp{\'a}r and Kov{\'a}cs, P{\'e}ter},
  journal={Electronic Notes in Theoretical Computer Science},
  volume={264},
  number={5},
  pages={23--45},
  year={2011},
  publisher={Elsevier}
}

@incollection{erdweg2013state,
  title={The State of the Art in Language Workbenches},
  author={Erdweg, Sebastian and van der Storm, Tijs and V{\"o}lter, Markus and Boersma, Meinte and Bosman, Remi and Cook, William R and Gerritsen, Albert and Hulshout, Angelo and Kelly, Steven and Konat, Gabri{\"e}l D P and Loh, Alex and Molina, Pedro J and Palatnik, M and Pohjonen, Risto and Schindler, Eugen and Schindler, Klemens and Solmi, Riccardo and Vergu, Vlad A and Visser, Eelco and van der Vlist, Kevin and Wachsmut, Guido H and van der Woning, Jimi},
  booktitle={Software Language Engineering},
  pages={197--217},
  year={2013},
  publisher={Springer}
}

@misc{statcounter2014statcounter,
  title={StatCounter Global Stats},
  author={{StatCounter}},
  year={2014},
  howpublished={Online, \url{http://gs.statcounter.com/} [retrieved~Mar~2014]}
}
%%%%%%%%%%%%%%%%%%%%%%%%%%%%%%%%%%%%%%%%%%%%%%%%%%%%%%%%%%%%%%%%%%%%%%%%%%%%%%%%

%%%%%%%%%%%%%%%%%%%%%%%%%%%%%%%%%%%%%%%%%%%%%%%%%%%%%%%%%%%%%%%%%%%%%%%%%%%%%%%%
% Websites

@misc{chemaxon2014molecule,
  title={Molecule File Conversion with MolConverter},
  author={{ChemAxon Ltd.}},
  year={2014},
  howpublished={Online, \url{https://www.chemaxon.com/marvin/help/applications/molconvert.html} [retrieved~Mar~2014]}
}

@misc{arvidsson2009explorercanvas,
  title={explorercanvas -- HTML5 Canvas for Internet Explorer},
  author={Arvidsson, Erik and Murphy, Glen},
  year={2009},
  howpublished={Online, \url{http://code.google.com/p/explorercanvas/} [retrieved~Mar~2014]}
}

@misc{data2011dat,
  title={dat-gui JavaScript Controller Library},
  author={{Data Arts Team} and {Google Creative Lab}},
  year={2011},
  howpublished={Online, \url{http://code.google.com/p/dat-gui/} [retrieved~Mar~2014]}
}

@misc{elkebir2014molecule,
  title={Molecule parametrization (mop)},
  author={El-Kebir, Mohammed and van der Woning, Jimi},
  year={2014},
  howpublished={Online, \url{https://github.com/melkebir/mop} [retrieved~Mar~2014]}
}


%% Stand-alone software
@misc{accelrys2012accelrys,
  title={Accelrys Draw},
  author={{Accelrys}},
  year={2012},
  howpublished={Online, \url{http://accelrys.com/products/informatics/cheminformatics/draw/} [retrieved~Sep~2013]}
}


%% 2D molecule editors
@misc{ichemlabs2013chemdoodle,
  title={ChemDoodle 2D Sketcher},
  author={{iChemLabs}},
  year={2013},
  howpublished={Online, \url{http://web.chemdoodle.com/demos/sketcher} [retrieved~Sep~2013]}
}

@misc{molsoft2012molsoft,
  title={Molsoft HTML5 Molecule Editor},
  author={{Molsoft LLC.}},
  year={2012},
  howpublished={Online, \url{http://molsoft.com/moledit.html} [retrieved~Sep~2013]}
}

@misc{chemxon2013marvin,
  title={Marvin for JavaScript},
  author={{ChemAxon Ltd.}},
  year={2013},
  howpublished={Online, \url{https://marvin4js.chemaxon.com/marvin4js-latest/editor.html} [retrieved~Sep~2013]}
}


%% 3D molecule visualization
@misc{altered2013canvasmol,
  title={CanvasMol},
  author={{AlteredQualia}},
  howpublished={Online, \url{http://alteredqualia.com/canvasmol/} [retrieved~Sep~2013]}
}
%%%%%%%%%%%%%%%%%%%%%%%%%%%%%%%%%%%%%%%%%%%%%%%%%%%%%%%%%%%%%%%%%%%%%%%%%%%%%%%%

%%%%%%%%%%%%%%%%%%%%%%%%%%%%%%%%%%%%%%%%%%%%%%%%%%%%%%%%%%%%%%%%%%%%%%%%%%%%%%%%
% Quotes
@inproceedings{blevis2007sustainable,
  title={Sustainable Interaction Design: Invention \& Disposal, Renewal \& Reuse},
  author={Blevis, Eli},
  booktitle={Proceedings of the SIGCHI conference on Human factors in computing systems},
  pages={503--512},
  year={2007},
  organization={ACM}
}

@article{kuck1992user,
  title={A User's View of High-Performance Scientific and Engineering Software Systems in the Mid-21st Century},
  author={Kuck, David J},
  journal={Expert Systems for Scientific Computing},
  pages={69--87},
  year={1992}
}
%%%%%%%%%%%%%%%%%%%%%%%%%%%%%%%%%%%%%%%%%%%%%%%%%%%%%%%%%%%%%%%%%%%%%%%%%%%%%%%%

%%%%%%%%%%%%%%%%%%%%%%%%%%%%%%%%%%%%%%%%%%%%%%%%%%%%%%%%%%%%%%%%%%%%%%%%%%%%%%%%
% Images
@misc{atb2014ethanamine,
  title={Ethanamine Charge Group Distribution},
  author={{Automated Topology Builder and Repository}},
  howpublished={Online, \url{http://compbio.biosci.uq.edu.au/atb/molecule.py?molid=967&outputType=top&atbVersion=v2Top&ffVersion=Gromos#files} [retrieved~Mar~2014]}
}
%%%%%%%%%%%%%%%%%%%%%%%%%%%%%%%%%%%%%%%%%%%%%%%%%%%%%%%%%%%%%%%%%%%%%%%%%%%%%%%%

%%%%%%%%%%%%%%%%%%%%%%%%%%%%%%%%%%%%%%%%%%%%%%%%%%%%%%%%%%%%%%%%%%%%%%%%%%%%%%%%
% Unused
@inproceedings{fjeld2007tangible,
  title={Tangible User Interface for Chemistry Education: Comparative Evaluation and Re-Design},
  author={Fjeld, Morten and Fredriksson, Jonas and Ejdestig, Martin and Duca, Florin and B{\"o}tschi, Kristina and Voegtli, Benedikt and Juchli, Patrick},
  booktitle={Proceedings of the SIGCHI conference on Human factors in computing systems},
  pages={805--808},
  year={2007},
  organization={ACM}
}


%% JavaScript graph libraries
@misc{bostock2012data,
  title={Data-Driven Documents},
  author={Bostock, Michael},
  year={2012},
  howpublished={Online, \url{http://d3js.org/} [retrieved~Sep~2013]}
}

@misc{baranovski2013raphael,
  title={Rapha\"{e}l - JavaScript Library},
  author={Baranovskiy, Dmitry},
  year={2013},
  howpublished={Online, \url{http://raphaeljs.com/} [retrieved~Sep~2013]}
}

@misc{dracula2012javascript,
  title={JavaScript Graph Library},
  author={{Dracula Graph Library}},
  year={2012},
  howpublished={Online, \url{http://www.graphdracula.net/} [retrieved~Sep~2013]}
}
%%%%%%%%%%%%%%%%%%%%%%%%%%%%%%%%%%%%%%%%%%%%%%%%%%%%%%%%%%%%%%%%%%%%%%%%%%%%%%%%
