@inproceedings{canzar2012charge,
  title={Charge group partitioning in biomolecular simulation},
  author={Canzar, Stefan and El-Kebir, Mohammed and Pool, Ren{\'e} and Elbassioni, Khaled and Malde, Alpesh K and Mark, Alan E and Geerke, Daan P and Stougie, Leen and Klau, Gunnar W},
  booktitle={Research in Computational Molecular Biology},
  pages={29--43},
  year={2012},
  organization={Springer}
}

@article{malde2011automated,
  title={An automated force field topology builder (ATB) and repository: version 1.0},
  author={Malde, Alpeshkumar K and Zuo, Le and Breeze, Matthew and Stroet, Martin and Poger, David and Nair, Pramod C and Oostenbrink, Chris and Mark, Alan E},
  journal={Journal of Chemical Theory and Computation},
  volume={7},
  number={12},
  pages={4026--4037},
  year={2011},
  publisher={ACS Publications}
}
